<record><leader>00000cas a22000007a 4500</leader><controlfield tag="001">29644503</controlfield><controlfield tag="008">940118d190719uumouwr ne      0    0eng d</controlfield><datafield ind1=" " ind2=" " tag="010"><subfield code="a">sn 94055101 </subfield></datafield><datafield ind1=" " ind2=" " tag="040"><subfield code="a">MQN</subfield><subfield code="b">eng</subfield><subfield code="c">MQN</subfield><subfield code="d">OCLCQ</subfield><subfield code="d">OCLCF</subfield><subfield code="d">OCLCO</subfield></datafield><datafield ind1="1" ind2=" " tag="029"><subfield code="a">AU@</subfield><subfield code="b">000025886934</subfield></datafield><datafield ind1=" " ind2=" " tag="042"><subfield code="a">msc</subfield></datafield><datafield ind1=" " ind2=" " tag="043"><subfield code="a">n-us-mo</subfield></datafield><datafield ind1="0" ind2=" " tag="130"><subfield code="a">St. Louis County sentinel (Webster Groves, Mo.)</subfield></datafield><datafield ind1="1" ind2="0" tag="245"><subfield code="a">St. Louis County sentinel.</subfield></datafield><datafield ind1="3" ind2="0" tag="246"><subfield code="a">Saint Louis County sentinel</subfield></datafield><datafield ind1=" " ind2=" " tag="260"><subfield code="a">Webster Groves, Mo. :</subfield><subfield code="b">Sentinel Printery</subfield></datafield><datafield ind1=" " ind2=" " tag="300"><subfield code="a">v.</subfield></datafield><datafield ind1=" " ind2=" " tag="310"><subfield code="a">Weekly</subfield></datafield><datafield ind1=" " ind2=" " tag="588"><subfield code="a">Description based on: Vol. 4, no. 9 (Sept. 28, 1907).</subfield></datafield><datafield ind1=" " ind2="0" tag="651"><subfield code="a">Webster Groves (Mo.)</subfield><subfield code="v">Newspapers.</subfield></datafield><datafield ind1=" " ind2="7" tag="655"><subfield code="a">Newspapers.</subfield><subfield code="2">fast</subfield><subfield code="0">(OCoLC)fst01423814</subfield></datafield><datafield ind1=" " ind2="7" tag="651"><subfield code="a">Missouri</subfield><subfield code="z">Webster Groves.</subfield><subfield code="2">fast</subfield><subfield code="0">(OCoLC)fst01230203</subfield></datafield><datafield ind1=" " ind2=" " tag="752"><subfield code="a">United States</subfield><subfield code="b">Missouri</subfield><subfield code="c">Saint Louis</subfield><subfield code="d">Webster Groves.</subfield></datafield><datafield ind1="0" ind2="0" tag="780"><subfield code="t">Webster leader</subfield><subfield code="w">(DLC)sn 93060348</subfield></datafield></record>